@incollection{csahin2005swarm,
  title={Swarm robotics: From sources of inspiration to domains of application},
  author={{\c{S}}ahin, Erol},
  booktitle={Swarm robotics},
  pages={10--20},
  year={2005},
  publisher={Springer}
}

@inproceedings{altshuler2005swarm,
  title={Swarm robotics for a dynamic cleaning problem},
  author={Altshuler, Yaniv and Bruckstein, Alfred M and Wagner, Israel A},
  booktitle={Swarm Intelligence Symposium, 2005. SIS 2005. Proceedings 2005 IEEE},
  pages={209--216},
  year={2005},
  organization={IEEE}
}

@article{Naghsh2008,
author = {Naghsh, Amir M. and Gancet, Jeremi and Tanoto, Andry and Roast, Chris},
doi = {10.1109/ROMAN.2008.4600675},
file = {:C$\backslash$:/Users/MartinRogalla/Dropbox/Bachelorseminarium Robotic Swarms/Artikelen/Applications/Filtered/[Sjoerd] - 2008 - Analysis and Design of Human-Robot Swarm Interaction in Firefighting.pdf:pdf},
isbn = {978-1-4244-2212-8},
journal = {RO-MAN 2008 - The 17th IEEE International Symposium on Robot and Human Interactive Communication},
keywords = {2008,Cooperation and Collaboration in Human-Robot Teams,Degrees of Autonomy and Teleoperation,Novel Interfaces and Interaction Modalities,analysis and design of,august 1-3,ceedings of the 17th,communication,firefighting,germany,human-robot swarm interaction in,ieee international symposium on,munich,robot and human interactive,technische universit\"{a}t m\"{u}nchen},
month = aug,
pages = {255--260},
publisher = {Ieee},
title = {{Analysis and design of human-robot swarm interaction in firefighting}},
url = {http://ieeexplore.ieee.org/lpdocs/epic03/wrapper.htm?arnumber=4600675},
year = {2008}
}

@article{Penders2011,
author = {Penders, Jacques and Alboul, L and Witkowski, U},
file = {:C$\backslash$:/Users/MartinRogalla/Dropbox/Bachelorseminarium Robotic Swarms/Artikelen/Applications/Filtered/[Sjoerd] - 2010 - A Robot Swarm assisting a Human Fire Fighter - Slechte h-index.pdf:pdf},
journal = {\ldots Robotics},
keywords = {alboul,amir,at,available from sheffield hallam,herbrechtsmeier,human fire-fighter,jacques,joan,lyuba,mohamed el,naghsh,obot swarm assisting a,penders,saez-pons,shura,stefan and habbal,ulf,university research archive,witkowski},
title = {{A robot swarm assisting a human fire-fighter}},
url = {http://www.tandfonline.com/doi/abs/10.1163/016918610X538507},
year = {2011}
}

