
@Article{amigoni2014,
  address	= {Cham},
  author	= {Amigoni, Francesco and Schiaffonati, Viola and Verdicchio, Mario},
  doi		= {10.1007/978-3-319-00272-9},
  editor	= {Amigoni, Francesco and Schiaffonati, Viola},
  isbn		= {978-3-319-00271-2},
  keywords	= {for autonomous robotics,from theory,good experimental methodologies,pter 3},
  publisher	= {Springer International Publishing},
  series	= {SpringerBriefs in Applied Sciences and Technology},
  title		= {{Methods and Experimental Techniques in Computer Engineering}},
  url		= {http://link.springer.com/10.1007/978-3-319-00272-9},
  year		= {2014}
}

@Article{naghsh2008,
  author	= {Naghsh, Amir M. and Gancet, Jeremi and Tanoto, Andry and Roast, Chris},
  doi		= {10.1109/ROMAN.2008.4600675},
  isbn		= {978-1-4244-2212-8},
  journal	= {RO-MAN 2008 - The 17th IEEE International Symposium on Robot and Human Interactive Communication},
  keywords	= {2008,Cooperation and Collaboration in Human-Robot Teams,Degrees of Autonomy and Teleoperation,Novel Interfaces and Interaction Modalities,analysis and design of,august 1-3,ceedings of the 17th,communication,firefighting,germany,human-robot swarm interaction in,ieee international symposium on,munich,robot and human interactive,technische universit\"{a}t m\"{u}nchen},
  month		= aug,
  pages		= {255--260},
  publisher	= {Ieee},
  title		= {{Analysis and design of human-robot swarm interaction in firefighting}},
  url		= {http://ieeexplore.ieee.org/lpdocs/epic03/wrapper.htm?arnumber=4600675},
  year		= {2008}
}

@Article{penders2011,
  author	= {Penders, Jacques and Alboul, L and Witkowski, U},
  journal	= {Advanced Robotics},
  keywords	= {alboul,amir,at,available from sheffield hallam,herbrechtsmeier,human fire-fighter,jacques,joan,lyuba,mohamed el,naghsh,obot swarm assisting a,penders,saez-pons,shura,stefan and habbal,ulf,university research archive,witkowski},
  title		= {{A robot swarm assisting a human fire-fighter}},
  url		= {http://www.tandfonline.com/doi/abs/10.1163/016918610X538507},
  year		= {2011}
}

@Article{wagner2008cooperative,
  title		= {Cooperative cleaners: A study in ant robotics},
  author	= {Wagner, Israel A and Altshuler, Yaniv and Yanovski, Vladimir and Bruckstein, Alfred M},
  journal	= {The International Journal of Robotics Research},
  volume	= {27},
  number	= {1},
  pages		= {127--151},
  year		= {2008},
  publisher	= {Sage Publications}
}

@Article{sheng2006distributed,
  title		= {Distributed multi-robot coordination in area exploration},
  author	= {Sheng, Weihua and Yang, Qingyan and Tan, Jindong and Xi, Ning},
  journal	= {Robotics and Autonomous Systems},
  volume	= {54},
  number	= {12},
  pages		= {945--955},
  year		= {2006},
  publisher	= {Elsevier}
}

@Article{burgard2005coordinated,
  title		= {Coordinated multi-robot exploration},
  author	= {Burgard, Wolfram and Moors, Mark and Stachniss, Cyrill and Schneider, Frank E},
  journal	= {Robotics, IEEE Transactions on},
  volume	= {21},
  number	= {3},
  pages		= {376--386},
  year		= {2005},
  publisher	= {IEEE}
}

@InProceedings{zarzhitsky2005distributed,
  title		= {Distributed robotics approach to chemical plume tracing},
  author	= {Zarzhitsky, Dimitri and Spears, Diana F and Spears, William M},
  booktitle	= {Intelligent Robots and Systems, 2005.(IROS 2005). 2005 IEEE/RSJ International Conference on},
  pages		= {4034--4039},
  year		= {2005},
  organization	= {IEEE}
}

@InProceedings{bashyal2008human,
  title		= {Human swarm interaction for radiation source search and localization},
  author	= {Bashyal, Shishir and Venayagamoorthy, Ganesh Kumar},
  booktitle	= {Swarm Intelligence Symposium, 2008. SIS 2008. IEEE},
  pages		= {1--8},
  year		= {2008},
  organization	= {IEEE}
}

@InProceedings{cui2004swarm,
  title		= {A swarm approach for emission sources localization},
  author	= {Cui, Xiaohui and Hardin, C Tim and Ragade, Rammohan K and Elmaghraby, Adel Said},
  booktitle	= {Tools with Artificial Intelligence, 2004. ICTAI 2004. 16th IEEE International Conference on},
  pages		= {424--430},
  year		= {2004},
  organization	= {IEEE}
}

@InProceedings{marjovi2009multi,
  title		= {Multi-robot exploration and fire searching},
  author	= {Marjovi, Ali and Nunes, Jo{\~a}o Gon{\c{c}}alo and Marques, Lino and de Almeida, An{\'\i}bal},
  booktitle	= {Intelligent Robots and Systems, 2009. IROS 2009. IEEE/RSJ International Conference on},
  pages		= {1929--1934},
  year		= {2009},
  organization	= {IEEE}
}

@InCollection{morlok2007dispersing,
  title		= {Dispersing robots in an unknown environment},
  author	= {Morlok, Ryan and Gini, Maria},
  booktitle	= {Distributed Autonomous Robotic Systems 6},
  pages		= {253--262},
  year		= {2007},
  publisher	= {Springer}
}

@InCollection{ludwig2006robotic,
  title		= {Robotic swarm dispersion using wireless intensity signals},
  author	= {Ludwig, Luke and Gini, Maria},
  booktitle	= {Distributed Autonomous Robotic Systems 7},
  pages		= {135--144},
  year		= {2006},
  publisher	= {Springer}
}

@InCollection{mclurkin2007distributed,
  title		= {Distributed algorithms for dispersion in indoor environments using a swarm of autonomous mobile robots},
  author	= {McLurkin, James and Smith, Jennifer},
  booktitle	= {Distributed Autonomous Robotic Systems 6},
  pages		= {399--408},
  year		= {2007},
  publisher	= {Springer}
}

@InProceedings{hoff2010two,
  title		= {Two foraging algorithms for robot swarms using only local communication},
  author	= {Hoff, Nicholas R and Sagoff, Amelia and Wood, Robert J and Nagpal, Radhika},
  booktitle	= {Robotics and Biomimetics (ROBIO), 2010 IEEE International Conference on},
  pages		= {123--130},
  year		= {2010},
  organization	= {IEEE}
}

@InProceedings{qin2004path,
  title		= {Path planning for mobile robot using the particle swarm optimization with mutation operator},
  author	= {Qin, Yuan-Qing and Sun, De-Bao and Li, Ning and Cen, Yi-Gang},
  booktitle	= {Machine Learning and Cybernetics, 2004. Proceedings of 2004 International Conference on},
  volume	= {4},
  pages		= {2473--2478},
  year		= {2004},
  organization	= {IEEE}
}

@Article{poli2007particle,
  title		= {Particle swarm optimization},
  author	= {Poli, Riccardo and Kennedy, James and Blackwell, Tim},
  journal	= {Swarm intelligence},
  volume	= {1},
  number	= {1},
  pages		= {33--57},
  year		= {2007},
  publisher	= {Springer}
}

@InProceedings{pugh2007inspiring,
  title		= {Inspiring and modeling multi-robot search with particle swarm optimization},
  author	= {Pugh, Jim and Martinoli, Alcherio},
  booktitle	= {Swarm Intelligence Symposium, 2007. SIS 2007. IEEE},
  pages		= {332--339},
  year		= {2007},
  organization	= {IEEE}
}

@InCollection{hsiang2004algorithms,
  title		= {Algorithms for rapidly dispersing robot swarms in unknown environments},
  author	= {Hsiang, Tien-Ruey and Arkin, Esther M and Bender, Michael A and Fekete, S{\'a}ndor P and Mitchell, Joseph SB},
  booktitle	= {Algorithmic Foundations of Robotics V},
  pages		= {77--94},
  year		= {2004},
  publisher	= {Springer}
}

@InProceedings{derr2009multi,
  title		= {Multi-robot, multi-target particle swarm optimization search in noisy wireless environments},
  author	= {Derr, Kurt and Manic, Milos},
  booktitle	= {Human System Interactions, 2009. HSI'09. 2nd Conference on},
  pages		= {81--86},
  year		= {2009},
  organization	= {IEEE}
}

@Article{krishnanand2006glowworm,
  title		= {Glowworm swarm based optimization algorithm for multimodal functions with collective robotics applications},
  author	= {Krishnanand, KN and Ghose, Debasish},
  journal	= {Multiagent and Grid Systems},
  volume	= {2},
  number	= {3},
  pages		= {209--222},
  year		= {2006},
  publisher	= {IOS Press}
}

@InProceedings{krishnanand2005detection,
  title		= {Detection of multiple source locations using a glowworm metaphor with applications to collective robotics},
  author	= {Krishnanand, KN and Ghose, D},
  booktitle	= {Swarm Intelligence Symposium, 2005. SIS 2005. Proceedings 2005 IEEE},
  pages		= {84--91},
  year		= {2005},
  organization	= {IEEE}
}

@Article{zhang2009gradient,
  title		= {Gradient-based target localization in robotic sensor networks},
  author	= {Zhang, Qingquan and Sobelman, Gerald E and He, Tian},
  journal	= {Pervasive and Mobile Computing},
  volume	= {5},
  number	= {1},
  pages		= {37--48},
  year		= {2009},
  publisher	= {Elsevier}
}

@InProceedings{dhariwal2004bacterium,
  title		= {Bacterium-inspired robots for environmental monitoring},
  author	= {Dhariwal, Amit and Sukhatme, Gaurav and Requicha, Aristides AG},
  booktitle	= {Robotics and Automation, 2004. Proceedings. ICRA'04. 2004 IEEE International Conference on},
  volume	= {2},
  pages		= {1436--1443},
  year		= {2004},
  organization	= {IEEE}
}

@Article{mcgill2011robot,
  title		= {Robot algorithms for localization of multiple emission sources},
  author	= {Mcgill, Kathleen and Taylor, Stephen},
  journal	= {ACM Computing Surveys (CSUR)},
  volume	= {43},
  number	= {3},
  pages		= {15},
  year		= {2011},
  publisher	= {ACM}
}

@InProceedings{burgard2000collaborative,
  title		= {Collaborative multi-robot exploration},
  author	= {Burgard, Wolfram and Moors, Mark and Fox, Dieter and Simmons, Reid and Thrun, Sebastian},
  booktitle	= {Robotics and Automation, 2000. Proceedings. ICRA'00. IEEE International Conference on},
  volume	= {1},
  pages		= {476--481},
  year		= {2000},
  organization	= {IEEE}
}

@InProceedings{simmons2000coordination,
  title		= {Coordination for multi-robot exploration and mapping},
  author	= {Simmons, Reid and Apfelbaum, David and Burgard, Wolfram and Fox, Dieter and Moors, Mark and Thrun, Sebastian and Younes, H{\aa}kan},
  booktitle	= {AAAI/IAAI},
  pages		= {852--858},
  year		= {2000}
}

@Article{zlot2002multi,
  title		= {Multi-robot exploration controlled by a market economy},
  author	= {Zlot, Robert and Stentz, Anthony and Dias, M Bernardine and Thayer, Scott},
  year		= {2002},
  publisher	= {IEEE}
}

@Article{rooker2007multi,
  title		= {Multi-robot exploration under the constraints of wireless networking},
  author	= {Rooker, Martijn N and Birk, Andreas},
  journal	= {Control Engineering Practice},
  volume	= {15},
  number	= {4},
  pages		= {435--445},
  year		= {2007},
  publisher	= {Elsevier}
}

@InProceedings{ko2003practical,
  title		= {A practical, decision-theoretic approach to multi-robot mapping and exploration},
  author	= {Ko, Jonathan and Stewart, Benjamin and Fox, Dieter and Konolige, Kurt and Limketkai, Benson},
  booktitle	= {Intelligent Robots and Systems, 2003.(IROS 2003). Proceedings. 2003 IEEE/RSJ International Conference on},
  volume	= {4},
  pages		= {3232--3238},
  year		= {2003},
  organization	= {IEEE}
}

@Article{rekleitis2001multi,
  title		= {Multi-robot collaboration for robust exploration},
  author	= {Rekleitis, Ioannis and Dudek, Gregory and Milios, Evangelos},
  journal	= {Annals of Mathematics and Artificial Intelligence},
  volume	= {31},
  number	= {1-4},
  pages		= {7--40},
  year		= {2001},
  publisher	= {Springer}
}

@TechReport{gage1992command,
  title		= {Command control for many-robot systems},
  author	= {Gage, Douglas W},
  year		= {1992},
  institution	= {DTIC Document}
}

@InProceedings{ugur2007dispersion,
  title		= {Dispersion of a swarm of robots based on realistic wireless intensity signals},
  author	= {Ugur, Emre and Turgut, Ali E and Sahin, Erol},
  booktitle	= {Computer and information sciences, 2007. iscis 2007. 22nd international symposium on},
  pages		= {1--6},
  year		= {2007},
  organization	= {IEEE}
}


@article{michael2011cooperative,
  title={Cooperative manipulation and transportation with aerial robots},
  author={Michael, Nathan and Fink, Jonathan and Kumar, Vijay},
  journal={Autonomous Robots},
  volume={30},
  number={1},
  pages={73--86},
  year={2011},
  publisher={Springer}
}

@article{sugawara2012object,
  title={Object transportation by granular convection using swarm robots},
  author={Sugawara, Ken and Correll, Nikolaus and Reishus, Dustin},
  journal={Distributed Algorithmic Robotics},
  year={2012}
}

@inproceedings{mas2012object,
  title={Object manipulation using cooperative mobile multi-robot systems},
  author={Mas, Ignacio and Kitts, Christopher},
  booktitle={Proceedings of the World Congress on Engineering and Computer Science (WCECS’12)},
  year={2012}
}

@inproceedings{rubenstein2013collective,
  title={Collective transport of complex objects by simple robots: theory and experiments},
  author={Rubenstein, Michael and Cabrera, Adrian and Werfel, Justin and Habibi, Golnaz and McLurkin, James and Nagpal, Radhika},
  booktitle={Proceedings of the 2013 international conference on Autonomous agents and multi-agent systems},
  pages={47--54},
  year={2013},
  organization={International Foundation for Autonomous Agents and Multiagent Systems}
}

@incollection{fujisawa2013cooperative,
  title={Cooperative Transportation by Swarm Robots Using Pheromone Communication},
  author={Fujisawa, Ryusuke and Imamura, Hikaru and Matsuno, Fumitoshi},
  booktitle={Distributed Autonomous Robotic Systems},
  pages={559--570},
  year={2013},
  publisher={Springer}
}

@article{ranjbar2012novel,
  title={A novel robust decentralized adaptive fuzzy control for swarm formation of multiagent systems},
  author={Ranjbar-Sahraei, Bijan and Shabaninia, Faridoon and Nemati, Alireza and Stan, S},
  journal={Industrial Electronics, IEEE Transactions on},
  volume={59},
  number={8},
  pages={3124--3134},
  year={2012},
  publisher={IEEE}
}

@article{balch1998behavior,
  title={Behavior-based formation control for multirobot teams},
  author={Balch, Tucker and Arkin, Ronald C},
  journal={Robotics and Automation, IEEE Transactions on},
  volume={14},
  number={6},
  pages={926--939},
  year={1998},
  publisher={IEEE}
}

@inproceedings{chen2005formation,
  title={Formation control: a review and a new consideration},
  author={Chen, Yang Quan and Wang, Zhongmin},
  booktitle={Intelligent Robots and Systems, 2005.(IROS 2005). 2005 IEEE/RSJ International Conference on},
  pages={3181--3186},
  year={2005},
  organization={IEEE}
}

@article{consolini2008leader,
  title={Leader--follower formation control of nonholonomic mobile robots with input constraints},
  author={Consolini, Luca and Morbidi, Fabio and Prattichizzo, Domenico and Tosques, Mario},
  journal={Automatica},
  volume={44},
  number={5},
  pages={1343--1349},
  year={2008},
  publisher={Elsevier}
}

@inproceedings{cowan2003vision,
  title={Vision-based follow-the-leader},
  author={Cowan, Noah and Shakerina, O and Vidal, Rene and Sastry, Shankar},
  booktitle={Intelligent Robots and Systems, 2003.(IROS 2003). Proceedings. 2003 IEEE/RSJ International Conference on},
  volume={2},
  pages={1796--1801},
  year={2003},
  organization={IEEE}
}

@article{das2002vision,
  title={A vision-based formation control framework},
  author={Das, Aveek K and Fierro, Rafael and Kumar, Vijay and Ostrowski, James P and Spletzer, John and Taylor, Camillo J},
  journal={Robotics and Automation, IEEE Transactions on},
  volume={18},
  number={5},
  pages={813--825},
  year={2002},
  publisher={IEEE}
}

@article{do2007nonlinear,
  title={Nonlinear formation control of unicycle-type mobile robots},
  author={Do, KD and Pan, J},
  journal={Robotics and Autonomous Systems},
  volume={55},
  number={3},
  pages={191--204},
  year={2007},
  publisher={Elsevier}
}

@inproceedings{kaminka2013use,
  title={On the use of teamwork software for multi-robot formation control},
  author={Kaminka, Gal A and Traub, Meytal and Elmaliach, Yehuda and Erusalimchik, Dan and Fridman, Alex},
  booktitle={Proceedings of the 2013 international conference on Autonomous agents and multi-agent systems},
  pages={1163--1164},
  year={2013},
  organization={International Foundation for Autonomous Agents and Multiagent Systems}
}

@article{lawton2003decentralized,
  title={A decentralized approach to formation maneuvers},
  author={Lawton, Jonathan RT and Beard, Randal W and Young, Brett J},
  journal={Robotics and Automation, IEEE Transactions on},
  volume={19},
  number={6},
  pages={933--941},
  year={2003},
  publisher={IEEE}
}

@article{ren2004decentralized,
  title={Decentralized scheme for spacecraft formation flying via the virtual structure approach},
  author={Ren, Wei and Beard, Randal},
  journal={Journal of Guidance, Control, and Dynamics},
  volume={27},
  number={1},
  pages={73--82},
  year={2004}
}

@inproceedings{wee2013formation,
  title={Formation control based on virtual space configuration for multi-robot collective navigation},
  author={Wee, Sung-Gil and Kim, Yoon-Gu and Lee, Suk-Gyu and An, Jinung},
  booktitle={Ubiquitous Robots and Ambient Intelligence (URAI), 2013 10th International Conference on},
  pages={556--557},
  year={2013},
  organization={IEEE}
}

@article{burkle2011towards,
  title={Towards autonomous micro uav swarms},
  author={B{\"u}rkle, Axel and Segor, Florian and Kollmann, Matthias},
  journal={Journal of intelligent \& robotic systems},
  volume={61},
  number={1-4},
  pages={339--353},
  year={2011},
  publisher={Springer}
}

@inproceedings{becker2013massive,
  title={Massive uniform manipulation: controlling large populations of simple robots with a common input signal},
  author={Becker, Aaron and Habibi, Golnaz and Werfel, Justin and Rubenstein, Michael and McLurkin, James},
  booktitle={Intelligent Robots and Systems (IROS), 2013 IEEE/RSJ International Conference on},
  pages={520--527},
  year={2013},
  organization={IEEE}
}

@inproceedings{bhattacharjee2011multi,
  title={Multi-robot path-planning using artificial bee colony optimization algorithm},
  author={Bhattacharjee, Preetha and Rakshit, Pratyusha and Goswami, Indrani and Konar, Amit and Nagar, Atulya K},
  booktitle={Nature and Biologically Inspired Computing (NaBIC), 2011 Third World Congress on},
  pages={219--224},
  year={2011},
  organization={IEEE}
}

@article{jung2010multi,
  title={Multi-robot path finding with wireless multihop communications},
  author={Jung, Jin Hong and Park, Sujin and Kim, Seong-Lyun},
  journal={Communications Magazine, IEEE},
  volume={48},
  number={7},
  pages={126--132},
  year={2010},
  publisher={IEEE}
}

@article{kala2012multi,
  title={Multi-robot path planning using co-evolutionary genetic programming},
  author={Kala, Rahul},
  journal={Expert Systems with Applications},
  volume={39},
  number={3},
  pages={3817--3831},
  year={2012},
  publisher={Elsevier}
}

@inproceedings{yamauchi1998frontier,
  title={Frontier-based exploration using multiple robots},
  author={Yamauchi, Brian},
  booktitle={Proceedings of the second international conference on Autonomous agents},
  pages={47--53},
  year={1998},
  organization={ACM}
}

@article{Rubenstein2013collecive,
author = {Rubenstein, Michael and Cabrera, Adrian and Werfel, Justin and Mclurkin, James},
keywords = {lective transport of complex,objects by simple,robots,theory and experiments},
pages = {47--54},
title = {{Collective Transport of Complex Objects by Simple Robots : Theory and Experiments}}
}

@inproceedings{rozas1991artificial,
  title={Artificial smell detection for robotic navigation},
  author={Rozas, Roberto and Morales, Jorge and Vega, Daniel},
  booktitle={Advanced Robotics, 1991.'Robots in Unstructured Environments', 91 ICAR., Fifth International Conference on},
  pages={1730--1733},
  year={1991},
  organization={IEEE}
}

@inproceedings{sandini1993gradient,
  title={Gradient driven self-organizing systems},
  author={Sandini, G and Lucarini, G and Varoli, M},
  booktitle={Intelligent Robots and Systems' 93, IROS'93. Proceedings of the 1993 IEEE/RSJ International Conference on},
  volume={1},
  pages={429--432},
  year={1993},
  organization={IEEE}
}

@article{marques2006particle,
  title={Particle swarm-based olfactory guided search},
  author={Marques, Lino and Nunes, Urbano and de Almeida, Anibal T},
  journal={Autonomous Robots},
  volume={20},
  number={3},
  pages={277--287},
  year={2006},
  publisher={Springer}
}

@incollection{pakanati2010swarm,
  title={Swarm dispersion via potential fields, leader election, and counting hops},
  author={Pakanati, Anuraag and Gini, Maria},
  booktitle={Simulation, Modeling, and Programming for Autonomous Robots},
  pages={485--496},
  year={2010},
  publisher={Springer}
}

@article{khatib1986real,
  title={Real-time obstacle avoidance for manipulators and mobile robots},
  author={Khatib, Oussama},
  journal={The international journal of robotics research},
  volume={5},
  number={1},
  pages={90--98},
  year={1986},
  publisher={Sage Publications}
}

@inproceedings{singh1993map,
  title={Map making by cooperating mobile robots},
  author={Singh, Karansher and Fujimura, Kikuo},
  booktitle={Robotics and Automation, 1993. Proceedings., 1993 IEEE International Conference on},
  pages={254--259},
  year={1993},
  organization={IEEE}
}

@inproceedings{burgard2000collaborative,
  title={Collaborative multi-robot exploration},
  author={Burgard, Wolfram and Moors, Mark and Fox, Dieter and Simmons, Reid and Thrun, Sebastian},
  booktitle={Robotics and Automation, 2000. Proceedings. ICRA'00. IEEE International Conference on},
  volume={1},
  pages={476--481},
  year={2000},
  organization={IEEE}
}

@inproceedings{ko2003practical,
  title={A practical, decision-theoretic approach to multi-robot mapping and exploration},
  author={Ko, Jonathan and Stewart, Benjamin and Fox, Dieter and Konolige, Kurt and Limketkai, Benson},
  booktitle={Intelligent Robots and Systems, 2003.(IROS 2003). Proceedings. 2003 IEEE/RSJ International Conference on},
  volume={4},
  pages={3232--3238},
  year={2003},
  organization={IEEE}
}

@inproceedings{stachniss2006speeding,
  title={Speeding-up multi-robot exploration by considering semantic place information},
  author={Stachniss, Cyrill and Mozos, Oscar Mart{\i}nez and Burgard, Wolfram},
  booktitle={Robotics and Automation, 2006. ICRA 2006. Proceedings 2006 IEEE International Conference on},
  pages={1692--1697},
  year={2006},
  organization={IEEE}
}

@article{puig2011new,
  title={A new global optimization strategy for coordinated multi-robot exploration: Development and comparative evaluation},
  author={Puig, Dom{\`e}nec and Garc{\'\i}a, Miguel Angel and Wu, L},
  journal={Robotics and Autonomous Systems},
  volume={59},
  number={9},
  pages={635--653},
  year={2011},
  publisher={Elsevier}
}

@inproceedings{solanas2004coordinated,
  title={Coordinated multi-robot exploration through unsupervised clustering of unknown space},
  author={Solanas, Agusti and Garcia, Miguel Angel},
  booktitle={Intelligent Robots and Systems, 2004.(IROS 2004). Proceedings. 2004 IEEE/RSJ International Conference on},
  volume={1},
  pages={717--721},
  year={2004},
  organization={IEEE}
}

@article{di2010autonomous,
  title={An autonomous mobile robotic system for surveillance of indoor environments},
  author={Di Paola, Donato and Milella, Annalisa and Cicirelli, Grazia and Distante, Arcangelo},
  journal={International Journal of Advanced Robotic Systems},
  volume={7},
  number={1},
  pages={19--26},
  year={2010},
  publisher={Plenum}
}

@inproceedings{rybski2000team,
  title={A team of robotic agents for surveillance},
  author={Rybski, Paul E and Stoeter, Sascha A and Erickson, Michael D and Gini, Maria and Hougen, Dean F and Papanikolopoulos, Nikolaos},
  booktitle={Proceedings of the fourth international conference on autonomous agents},
  pages={9--16},
  year={2000},
  organization={ACM}
}

@inproceedings{albers1999exploring,
  title={Exploring unknown environments with obstacles},
  author={Albers, Susanne and Kursawe, Klaus and Schuierer, Sven},
  booktitle={Proceedings of the tenth annual ACM-SIAM symposium on Discrete algorithms},
  pages={842--843},
  year={1999},
  organization={Society for Industrial and Applied Mathematics}
}

@article{lee1997quantitative,
  title={Quantitative evaluation of the exploration strategies of a mobile robot},
  author={Lee, David and Recce, Michael},
  journal={The International Journal of Robotics Research},
  volume={16},
  number={4},
  pages={413--447},
  year={1997},
  publisher={SAGE Publications}
}