@article{Rubenstein,
author = {Rubenstein, Michael and Cabrera, Adrian and Werfel, Justin and Mclurkin, James},
keywords = {lective transport of complex,objects by simple,robots,theory and experiments},
pages = {47--54},
title = {{Collective Transport of Complex Objects by Simple Robots : Theory and Experiments}}
}

@article{Burkle2010,
author = {B\"{u}rkle, Axel and Segor, Florian and Kollmann, Matthias},
doi = {10.1007/s10846-010-9492-x},
issn = {0921-0296},
journal = {Journal of Intelligent \& Robotic Systems},
keywords = {1007,2011,339,353,61,axel b\"{u}rkle,doi 10,florian segor,matthias kollmann,ntell robot syst,s10846-010-9492-x,swarms,towards autonomous micro uav},
month = oct,
number = {1-4},
pages = {339--353},
title = {{Towards Autonomous Micro UAV Swarms}},
url = {http://link.springer.com/10.1007/s10846-010-9492-x},
volume = {61},
year = {2010}
}

@article{burgard2005coordinated,
  title={Coordinated multi-robot exploration},
  author={Burgard, Wolfram and Moors, Mark and Stachniss, Cyrill and Schneider, Frank E},
  journal={Robotics, IEEE Transactions on},
  volume={21},
  number={3},
  pages={376--386},
  year={2005},
  publisher={IEEE}
}

@article{hayes2002distributed,
  title={Distributed odor source localization},
  author={Hayes, Adam T and Martinoli, Alcherio and Goodman, Rodney M},
  journal={Sensors Journal, IEEE},
  volume={2},
  number={3},
  pages={260--271},
  year={2002},
  publisher={IEEE}
}

@inproceedings{zarzhitsky2005distributed,
  title={Distributed robotics approach to chemical plume tracing},
  author={Zarzhitsky, Dimitri and Spears, Diana F and Spears, William M},
  booktitle={Intelligent Robots and Systems, 2005.(IROS 2005). 2005 IEEE/RSJ International Conference on},
  pages={4034--4039},
  year={2005},
  organization={IEEE}
}

@inproceedings{bashyal2008human,
  title={Human swarm interaction for radiation source search and localization},
  author={Bashyal, Shishir and Venayagamoorthy, Ganesh Kumar},
  booktitle={Swarm Intelligence Symposium, 2008. SIS 2008. IEEE},
  pages={1--8},
  year={2008},
  organization={IEEE}
}

@inproceedings{cui2004swarm,
  title={A swarm approach for emission sources localization},
  author={Cui, Xiaohui and Hardin, C Tim and Ragade, Rammohan K and Elmaghraby, Adel Said},
  booktitle={Tools with Artificial Intelligence, 2004. ICTAI 2004. 16th IEEE International Conference on},
  pages={424--430},
  year={2004},
  organization={IEEE}
}

@inproceedings{marjovi2009multi,
  title={Multi-robot exploration and fire searching},
  author={Marjovi, Ali and Nunes, Jo{\~a}o Gon{\c{c}}alo and Marques, Lino and de Almeida, An{\'\i}bal},
  booktitle={Intelligent Robots and Systems, 2009. IROS 2009. IEEE/RSJ International Conference on},
  pages={1929--1934},
  year={2009},
  organization={IEEE}
}

@incollection{morlok2007dispersing,
  title={Dispersing robots in an unknown environment},
  author={Morlok, Ryan and Gini, Maria},
  booktitle={Distributed Autonomous Robotic Systems 6},
  pages={253--262},
  year={2007},
  publisher={Springer}
}

@incollection{ludwig2006robotic,
  title={Robotic swarm dispersion using wireless intensity signals},
  author={Ludwig, Luke and Gini, Maria},
  booktitle={Distributed Autonomous Robotic Systems 7},
  pages={135--144},
  year={2006},
  publisher={Springer}
}

@incollection{mclurkin2007distributed,
  title={Distributed algorithms for dispersion in indoor environments using a swarm of autonomous mobile robots},
  author={McLurkin, James and Smith, Jennifer},
  booktitle={Distributed Autonomous Robotic Systems 6},
  pages={399--408},
  year={2007},
  publisher={Springer}
}

