@article{Amigoni2014,
address = {Cham},
author = {Amigoni, Francesco and Schiaffonati, Viola and Verdicchio, Mario},
doi = {10.1007/978-3-319-00272-9},
editor = {Amigoni, Francesco and Schiaffonati, Viola},
isbn = {978-3-319-00271-2},
keywords = {for autonomous robotics,from theory,good experimental methodologies,pter 3},
publisher = {Springer International Publishing},
series = {SpringerBriefs in Applied Sciences and Technology},
title = {{Methods and Experimental Techniques in Computer Engineering}},
url = {http://link.springer.com/10.1007/978-3-319-00272-9},
year = {2014}
}

@article{Wagner2008,
  title={Cooperative cleaners: A study in ant robotics},
  author={Wagner, Israel A and Altshuler, Yaniv and Yanovski, Vladimir and Bruckstein, Alfred M},
  journal={The International Journal of Robotics Research},
  volume={27},
  number={1},
  pages={127--151},
  year={2008},
  publisher={Sage Publications}
}

@inproceedings{Altshuler2005,
  title={Swarm robotics for a dynamic cleaning problem},
  author={Altshuler, Yaniv and Bruckstein, Alfred M and Wagner, Israel A},
  booktitle={Swarm Intelligence Symposium, 2005. SIS 2005. Proceedings 2005 IEEE},
  pages={209--216},
  year={2005},
  organization={IEEE}
}

@article{Naghsh2008,
author = {Naghsh, Amir M. and Gancet, Jeremi and Tanoto, Andry and Roast, Chris},
doi = {10.1109/ROMAN.2008.4600675},
isbn = {978-1-4244-2212-8},
journal = {RO-MAN 2008 - The 17th IEEE International Symposium on Robot and Human Interactive Communication},
keywords = {2008,Cooperation and Collaboration in Human-Robot Teams,Degrees of Autonomy and Teleoperation,Novel Interfaces and Interaction Modalities,analysis and design of,august 1-3,ceedings of the 17th,communication,firefighting,germany,human-robot swarm interaction in,ieee international symposium on,munich,robot and human interactive,technische universit\"{a}t m\"{u}nchen},
month = aug,
pages = {255--260},
publisher = {Ieee},
title = {{Analysis and design of human-robot swarm interaction in firefighting}},
url = {http://ieeexplore.ieee.org/lpdocs/epic03/wrapper.htm?arnumber=4600675},
year = {2008}
}

@article{Penders2011,
author = {Penders, Jacques and Alboul, L and Witkowski, U},
journal = {Advanced Robotics},
keywords = {alboul,amir,at,available from sheffield hallam,herbrechtsmeier,human fire-fighter,jacques,joan,lyuba,mohamed el,naghsh,obot swarm assisting a,penders,saez-pons,shura,stefan and habbal,ulf,university research archive,witkowski},
title = {{A robot swarm assisting a human fire-fighter}},
url = {http://www.tandfonline.com/doi/abs/10.1163/016918610X538507},
year = {2011}
}

@article{Li2012,
author = {Li, Shuai and Guo, Yi},
doi = {10.1109/ICRA.2012.6224713},
isbn = {978-1-4673-1405-3},
journal = {2012 IEEE International Conference on Robotics and Automation},
keywords = {2 ieee international conference,minnesota,on robotics and automation,rivercentre,saint paul,usa},
month = may,
pages = {1107--1112},
publisher = {Ieee},
title = {{Distributed source seeking by cooperative robots: All-to-all and limited communications}},
url = {http://ieeexplore.ieee.org/lpdocs/epic03/wrapper.htm?arnumber=6224713},
year = {2012}
}

@incollection{csahin2005swarm,
  title={Swarm robotics: From sources of inspiration to domains of application},
  author={{\c{S}}ahin, Erol},
  booktitle={Swarm robotics},
  pages={10--20},
  year={2005},
  publisher={Springer}
}

@inproceedings{altshuler2005swarm,
  title={Swarm robotics for a dynamic cleaning problem},
  author={Altshuler, Yaniv and Bruckstein, Alfred M and Wagner, Israel A},
  booktitle={Swarm Intelligence Symposium, 2005. SIS 2005. Proceedings 2005 IEEE},
  pages={209--216},
  year={2005},
  organization={IEEE}
}

@article{wagner2008cooperative,
  title={Cooperative cleaners: A study in ant robotics},
  author={Wagner, Israel A and Altshuler, Yaniv and Yanovski, Vladimir and Bruckstein, Alfred M},
  journal={The International Journal of Robotics Research},
  volume={27},
  number={1},
  pages={127--151},
  year={2008},
  publisher={Sage Publications}
}

@article{sheng2006distributed,
  title={Distributed multi-robot coordination in area exploration},
  author={Sheng, Weihua and Yang, Qingyan and Tan, Jindong and Xi, Ning},
  journal={Robotics and Autonomous Systems},
  volume={54},
  number={12},
  pages={945--955},
  year={2006},
  publisher={Elsevier}
}

@article{Rubenstein,
author = {Rubenstein, Michael and Cabrera, Adrian and Werfel, Justin and Mclurkin, James},
keywords = {lective transport of complex,objects by simple,robots,theory and experiments},
pages = {47--54},
title = {{Collective Transport of Complex Objects by Simple Robots : Theory and Experiments}}
}

@article{Burkle2010,
author = {B\"{u}rkle, Axel and Segor, Florian and Kollmann, Matthias},
doi = {10.1007/s10846-010-9492-x},
issn = {0921-0296},
journal = {Journal of Intelligent \& Robotic Systems},
keywords = {1007,2011,339,353,61,axel b\"{u}rkle,doi 10,florian segor,matthias kollmann,ntell robot syst,s10846-010-9492-x,swarms,towards autonomous micro uav},
month = oct,
number = {1-4},
pages = {339--353},
title = {{Towards Autonomous Micro UAV Swarms}},
url = {http://link.springer.com/10.1007/s10846-010-9492-x},
volume = {61},
year = {2010}
}

@article{burgard2005coordinated,
  title={Coordinated multi-robot exploration},
  author={Burgard, Wolfram and Moors, Mark and Stachniss, Cyrill and Schneider, Frank E},
  journal={Robotics, IEEE Transactions on},
  volume={21},
  number={3},
  pages={376--386},
  year={2005},
  publisher={IEEE}
}

@article{hayes2002distributed,
  title={Distributed odor source localization},
  author={Hayes, Adam T and Martinoli, Alcherio and Goodman, Rodney M},
  journal={Sensors Journal, IEEE},
  volume={2},
  number={3},
  pages={260--271},
  year={2002},
  publisher={IEEE}
}

@inproceedings{zarzhitsky2005distributed,
  title={Distributed robotics approach to chemical plume tracing},
  author={Zarzhitsky, Dimitri and Spears, Diana F and Spears, William M},
  booktitle={Intelligent Robots and Systems, 2005.(IROS 2005). 2005 IEEE/RSJ International Conference on},
  pages={4034--4039},
  year={2005},
  organization={IEEE}
}

@inproceedings{bashyal2008human,
  title={Human swarm interaction for radiation source search and localization},
  author={Bashyal, Shishir and Venayagamoorthy, Ganesh Kumar},
  booktitle={Swarm Intelligence Symposium, 2008. SIS 2008. IEEE},
  pages={1--8},
  year={2008},
  organization={IEEE}
}

@inproceedings{cui2004swarm,
  title={A swarm approach for emission sources localization},
  author={Cui, Xiaohui and Hardin, C Tim and Ragade, Rammohan K and Elmaghraby, Adel Said},
  booktitle={Tools with Artificial Intelligence, 2004. ICTAI 2004. 16th IEEE International Conference on},
  pages={424--430},
  year={2004},
  organization={IEEE}
}

@inproceedings{marjovi2009multi,
  title={Multi-robot exploration and fire searching},
  author={Marjovi, Ali and Nunes, Jo{\~a}o Gon{\c{c}}alo and Marques, Lino and de Almeida, An{\'\i}bal},
  booktitle={Intelligent Robots and Systems, 2009. IROS 2009. IEEE/RSJ International Conference on},
  pages={1929--1934},
  year={2009},
  organization={IEEE}
}

@incollection{morlok2007dispersing,
  title={Dispersing robots in an unknown environment},
  author={Morlok, Ryan and Gini, Maria},
  booktitle={Distributed Autonomous Robotic Systems 6},
  pages={253--262},
  year={2007},
  publisher={Springer}
}

@incollection{ludwig2006robotic,
  title={Robotic swarm dispersion using wireless intensity signals},
  author={Ludwig, Luke and Gini, Maria},
  booktitle={Distributed Autonomous Robotic Systems 7},
  pages={135--144},
  year={2006},
  publisher={Springer}
}

@incollection{mclurkin2007distributed,
  title={Distributed algorithms for dispersion in indoor environments using a swarm of autonomous mobile robots},
  author={McLurkin, James and Smith, Jennifer},
  booktitle={Distributed Autonomous Robotic Systems 6},
  pages={399--408},
  year={2007},
  publisher={Springer}
}

@incollection{rothermich2005distributed,
  title={Distributed localization and mapping with a robotic swarm},
  author={Rothermich, Joseph A and Ecemi{\c{s}}, M {\.I}hsan and Gaudiano, Paolo},
  booktitle={Swarm Robotics},
  pages={58--69},
  year={2005},
  publisher={Springer}
}

@inproceedings{hardin2004modified,
  title={A modified particle swarm algorithm for robotic mapping of hazardous environments},
  author={Hardin, CT and Cui, X and Ragade, RK and Graham, JH and Elmaghraby, AS},
  booktitle={Automation Congress, 2004. Proceedings. World},
  volume={17},
  pages={31--36},
  year={2004},
  organization={IEEE}
}

@inproceedings{hoff2010two,
  title={Two foraging algorithms for robot swarms using only local communication},
  author={Hoff, Nicholas R and Sagoff, Amelia and Wood, Robert J and Nagpal, Radhika},
  booktitle={Robotics and Biomimetics (ROBIO), 2010 IEEE International Conference on},
  pages={123--130},
  year={2010},
  organization={IEEE}
}

@inproceedings{qin2004path,
  title={Path planning for mobile robot using the particle swarm optimization with mutation operator},
  author={Qin, Yuan-Qing and Sun, De-Bao and Li, Ning and Cen, Yi-Gang},
  booktitle={Machine Learning and Cybernetics, 2004. Proceedings of 2004 International Conference on},
  volume={4},
  pages={2473--2478},
  year={2004},
  organization={IEEE}
}

@article{poli2007particle,
  title={Particle swarm optimization},
  author={Poli, Riccardo and Kennedy, James and Blackwell, Tim},
  journal={Swarm intelligence},
  volume={1},
  number={1},
  pages={33--57},
  year={2007},
  publisher={Springer}
}

@inproceedings{pugh2007inspiring,
  title={Inspiring and modeling multi-robot search with particle swarm optimization},
  author={Pugh, Jim and Martinoli, Alcherio},
  booktitle={Swarm Intelligence Symposium, 2007. SIS 2007. IEEE},
  pages={332--339},
  year={2007},
  organization={IEEE}
}

@incollection{hsiang2004algorithms,
  title={Algorithms for rapidly dispersing robot swarms in unknown environments},
  author={Hsiang, Tien-Ruey and Arkin, Esther M and Bender, Michael A and Fekete, S{\'a}ndor P and Mitchell, Joseph SB},
  booktitle={Algorithmic Foundations of Robotics V},
  pages={77--94},
  year={2004},
  publisher={Springer}
}

@inproceedings{derr2009multi,
  title={Multi-robot, multi-target particle swarm optimization search in noisy wireless environments},
  author={Derr, Kurt and Manic, Milos},
  booktitle={Human System Interactions, 2009. HSI'09. 2nd Conference on},
  pages={81--86},
  year={2009},
  organization={IEEE}
}

@inproceedings{kennedy1995particle,
  title={Particle swarm optimization},
  author={Kennedy, James and Eberhart, Russell and others},
  booktitle={Proceedings of IEEE international conference on neural networks},
  volume={4},
  number={2},
  pages={1942--1948},
  year={1995},
  organization={Perth, Australia}
}

@article{poli2007particle,
  title={Particle swarm optimization},
  author={Poli, Riccardo and Kennedy, James and Blackwell, Tim},
  journal={Swarm intelligence},
  volume={1},
  number={1},
  pages={33--57},
  year={2007},
  publisher={Springer}
}

@article{jatmiko2007pso,
  title={A PSO-based mobile robot for odor source localization in dynamic advection-diffusion with obstacles environment: theory, simulation and measurement},
  author={Jatmiko, Wisnu and Sekiyama, Kosuke and Fukuda, Toshio},
  journal={Computational Intelligence Magazine, IEEE},
  volume={2},
  number={2},
  pages={37--51},
  year={2007},
  publisher={IEEE}
}

@article{marques2006particle,
  title={Particle swarm-based olfactory guided search},
  author={Marques, Lino and Nunes, Urbano and de Almeida, Anibal T},
  journal={Autonomous Robots},
  volume={20},
  number={3},
  pages={277--287},
  year={2006},
  publisher={Springer}
}

@article{krishnanand2006glowworm,
  title={Glowworm swarm based optimization algorithm for multimodal functions with collective robotics applications},
  author={Krishnanand, KN and Ghose, Debasish},
  journal={Multiagent and Grid Systems},
  volume={2},
  number={3},
  pages={209--222},
  year={2006},
  publisher={IOS Press}
}

@inproceedings{krishnanand2005detection,
  title={Detection of multiple source locations using a glowworm metaphor with applications to collective robotics},
  author={Krishnanand, KN and Ghose, D},
  booktitle={Swarm Intelligence Symposium, 2005. SIS 2005. Proceedings 2005 IEEE},
  pages={84--91},
  year={2005},
  organization={IEEE}
}

@inproceedings{doctor2004optimal,
  title={Optimal PSO for collective robotic search applications},
  author={Doctor, Sheetal and Venayagamoorthy, Ganesh K and Gudise, Venu G},
  booktitle={Evolutionary Computation, 2004. CEC2004. Congress on},
  volume={2},
  pages={1390--1395},
  year={2004},
  organization={IEEE}
}

@incollection{zarzhitsky2005agent,
  title={Agent-based chemical plume tracing using fluid dynamics},
  author={Zarzhitsky, Dimitri and Spears, Diana and Thayer, David and Spears, William},
  booktitle={Formal Approaches to Agent-Based Systems},
  pages={146--160},
  year={2005},
  publisher={Springer}
}

@inproceedings{zarzhitsky2005distributed,
  title={Distributed robotics approach to chemical plume tracing},
  author={Zarzhitsky, Dimitri and Spears, Diana F and Spears, William M},
  booktitle={Intelligent Robots and Systems, 2005.(IROS 2005). 2005 IEEE/RSJ International Conference on},
  pages={4034--4039},
  year={2005},
  organization={IEEE}
}

@incollection{kerr2005two,
  title={Two formal gas models for multi-agent sweeping and obstacle avoidance},
  author={Kerr, Wesley and Spears, Diana and Spears, William and Thayer, David},
  booktitle={Formal Approaches to Agent-Based Systems},
  pages={111--130},
  year={2005},
  publisher={Springer}
}

@article{shen2004hormone,
  title={Hormone-inspired self-organization and distributed control of robotic swarms},
  author={Shen, Wei-Min and Will, Peter and Galstyan, Aram and Chuong, Cheng-Ming},
  journal={Autonomous Robots},
  volume={17},
  number={1},
  pages={93--105},
  year={2004},
  publisher={Springer}
}

@inproceedings{yingying2003multi,
  title={Multi-robot cooperation method based on the ant algorithm},
  author={Yingying, Ding and Yan, He and Jingping, Jiang},
  booktitle={Swarm Intelligence Symposium, 2003. SIS'03. Proceedings of the 2003 IEEE},
  pages={14--18},
  year={2003},
  organization={IEEE}
}

@inproceedings{hoff2010two,
  title={Two foraging algorithms for robot swarms using only local communication},
  author={Hoff, Nicholas R and Sagoff, Amelia and Wood, Robert J and Nagpal, Radhika},
  booktitle={Robotics and Biomimetics (ROBIO), 2010 IEEE International Conference on},
  pages={123--130},
  year={2010},
  organization={IEEE}
}

@incollection{pugh2008distributed,
  title={Distributed adaptation in multi-robot search using particle swarm optimization},
  author={Pugh, Jim and Martinoli, Alcherio},
  booktitle={From Animals to Animats 10},
  pages={393--402},
  year={2008},
  publisher={Springer}
}

@article{zhang2009gradient,
  title={Gradient-based target localization in robotic sensor networks},
  author={Zhang, Qingquan and Sobelman, Gerald E and He, Tian},
  journal={Pervasive and Mobile Computing},
  volume={5},
  number={1},
  pages={37--48},
  year={2009},
  publisher={Elsevier}
}

@inproceedings{cui2004swarm,
  title={A swarm approach for emission sources localization},
  author={Cui, Xiaohui and Hardin, C Tim and Ragade, Rammohan K and Elmaghraby, Adel Said},
  booktitle={Tools with Artificial Intelligence, 2004. ICTAI 2004. 16th IEEE International Conference on},
  pages={424--430},
  year={2004},
  organization={IEEE}
}

@inproceedings{dhariwal2004bacterium,
  title={Bacterium-inspired robots for environmental monitoring},
  author={Dhariwal, Amit and Sukhatme, Gaurav and Requicha, Aristides AG},
  booktitle={Robotics and Automation, 2004. Proceedings. ICRA'04. 2004 IEEE International Conference on},
  volume={2},
  pages={1436--1443},
  year={2004},
  organization={IEEE}
}

@article{mcgill2011robot,
  title={Robot algorithms for localization of multiple emission sources},
  author={Mcgill, Kathleen and Taylor, Stephen},
  journal={ACM Computing Surveys (CSUR)},
  volume={43},
  number={3},
  pages={15},
  year={2011},
  publisher={ACM}
}

@inproceedings{burgard2000collaborative,
  title={Collaborative multi-robot exploration},
  author={Burgard, Wolfram and Moors, Mark and Fox, Dieter and Simmons, Reid and Thrun, Sebastian},
  booktitle={Robotics and Automation, 2000. Proceedings. ICRA'00. IEEE International Conference on},
  volume={1},
  pages={476--481},
  year={2000},
  organization={IEEE}
}

@inproceedings{simmons2000coordination,
  title={Coordination for multi-robot exploration and mapping},
  author={Simmons, Reid and Apfelbaum, David and Burgard, Wolfram and Fox, Dieter and Moors, Mark and Thrun, Sebastian and Younes, H{\aa}kan},
  booktitle={AAAI/IAAI},
  pages={852--858},
  year={2000}
}

@article{zlot2002multi,
  title={Multi-robot exploration controlled by a market economy},
  author={Zlot, Robert and Stentz, Anthony and Dias, M Bernardine and Thayer, Scott},
  year={2002},
  publisher={IEEE}
}

@article{rooker2007multi,
  title={Multi-robot exploration under the constraints of wireless networking},
  author={Rooker, Martijn N and Birk, Andreas},
  journal={Control Engineering Practice},
  volume={15},
  number={4},
  pages={435--445},
  year={2007},
  publisher={Elsevier}
}

@inproceedings{ko2003practical,
  title={A practical, decision-theoretic approach to multi-robot mapping and exploration},
  author={Ko, Jonathan and Stewart, Benjamin and Fox, Dieter and Konolige, Kurt and Limketkai, Benson},
  booktitle={Intelligent Robots and Systems, 2003.(IROS 2003). Proceedings. 2003 IEEE/RSJ International Conference on},
  volume={4},
  pages={3232--3238},
  year={2003},
  organization={IEEE}
}

@article{rekleitis2001multi,
  title={Multi-robot collaboration for robust exploration},
  author={Rekleitis, Ioannis and Dudek, Gregory and Milios, Evangelos},
  journal={Annals of Mathematics and Artificial Intelligence},
  volume={31},
  number={1-4},
  pages={7--40},
  year={2001},
  publisher={Springer}
}

@article{sheng2006distributed,
  title={Distributed multi-robot coordination in area exploration},
  author={Sheng, Weihua and Yang, Qingyan and Tan, Jindong and Xi, Ning},
  journal={Robotics and Autonomous Systems},
  volume={54},
  number={12},
  pages={945--955},
  year={2006},
  publisher={Elsevier}
}

@techreport{gage1992command,
  title={Command control for many-robot systems},
  author={Gage, Douglas W},
  year={1992},
  institution={DTIC Document}
}

@inproceedings{ugur2007dispersion,
  title={Dispersion of a swarm of robots based on realistic wireless intensity signals},
  author={Ugur, Emre and Turgut, Ali E and Sahin, Erol},
  booktitle={Computer and information sciences, 2007. iscis 2007. 22nd international symposium on},
  pages={1--6},
  year={2007},
  organization={IEEE}
}

