@incollection{csahin2005swarm,
  title={Swarm robotics: From sources of inspiration to domains of application},
  author={{\c{S}}ahin, Erol},
  booktitle={Swarm robotics},
  pages={10--20},
  year={2005},
  publisher={Springer}
}

@inproceedings{altshuler2005swarm,
  title={Swarm robotics for a dynamic cleaning problem},
  author={Altshuler, Yaniv and Bruckstein, Alfred M and Wagner, Israel A},
  booktitle={Swarm Intelligence Symposium, 2005. SIS 2005. Proceedings 2005 IEEE},
  pages={209--216},
  year={2005},
  organization={IEEE}
}

@article{Penders2011,
author = {Penders, Jacques and Alboul, L and Witkowski, U},
journal = {Advanced Robotics},
keywords = {alboul,amir,at,available from sheffield hallam,herbrechtsmeier,human fire-fighter,jacques,joan,lyuba,mohamed el,naghsh,obot swarm assisting a,penders,saez-pons,shura,stefan and habbal,ulf,university research archive,witkowski},
title = {{A robot swarm assisting a human fire-fighter}},
url = {http://www.tandfonline.com/doi/abs/10.1163/016918610X538507},
year = {2011}
}

@article{wagner2008cooperative,
  title={Cooperative cleaners: A study in ant robotics},
  author={Wagner, Israel A and Altshuler, Yaniv and Yanovski, Vladimir and Bruckstein, Alfred M},
  journal={The International Journal of Robotics Research},
  volume={27},
  number={1},
  pages={127--151},
  year={2008},
  publisher={Sage Publications}
}

@article{Naghsh2008,
author = {Naghsh, Amir M. and Gancet, Jeremi and Tanoto, Andry and Roast, Chris},
doi = {10.1109/ROMAN.2008.4600675},
isbn = {978-1-4244-2212-8},
journal = {RO-MAN 2008 - The 17th IEEE International Symposium on Robot and Human Interactive Communication},
keywords = {2008,Cooperation and Collaboration in Human-Robot Teams,Degrees of Autonomy and Teleoperation,Novel Interfaces and Interaction Modalities,analysis and design of,august 1-3,ceedings of the 17th,communication,firefighting,germany,human-robot swarm interaction in,ieee international symposium on,munich,robot and human interactive,technische universit\"{a}t m\"{u}nchen},
month = aug,
pages = {255--260},
publisher = {Ieee},
title = {{Analysis and design of human-robot swarm interaction in firefighting}},
url = {http://ieeexplore.ieee.org/lpdocs/epic03/wrapper.htm?arnumber=4600675},
year = {2008}
}

@article{Cui2004,
author = {Cui, X. and Hardin, C.T. and Ragade, R.K. and a.S. Elmaghraby},
doi = {10.1109/ICTAI.2004.20},
isbn = {0-7695-2236-X},
journal = {16th IEEE International Conference on Tools with Artificial Intelligence},
keywords = {and a,c,computer engineering and computer,cui,elmaghraby,hardin,k,ky 40292,r,ragade,s,science department,sources localization,t,university of louisville,warm approach for emission,x},
number = {Ictai},
pages = {424--430},
publisher = {IEEE Comput. Soc},
title = {{A swarm approach for emission sources localization}},
url = {http://ieeexplore.ieee.org/lpdocs/epic03/wrapper.htm?arnumber=1374218},
year = {2004}
}

@article{Cleaners2005,
author = {Cleaners, Cooperative and Cleaners, Cooperative},
isbn = {0780389166},
keywords = {bruckstein,computer science department,dynamic cleaning problem,haifa 32000 israel,m,rm robotics for a,technion,yaniv altshuler and alfred},
title = {{Yaniv Altshuler and Alfred M . Bruckstein Computer Science Department Technion , Haifa 32000 Israel IBM Haifa Labs MATAM , Haifa 31905 Israel}},
volume = {1},
year = {2005}
}

@article{Sahin2005,
author = {Åžahin, E},
journal = {Swarm robotics},
keywords = {application,department of computer engineering,dle east technical university,from sources of,inspiration to domains of,swarm robotics},
title = {{Swarm robotics: From sources of inspiration to domains of application}},
url = {http://link.springer.com/chapter/10.1007/978-3-540-30552-1\_2},
year = {2005}
}

@article{Krishnanand2006,
author = {Krishnanand, K.N. and Amruth, P. and Guruprasad, M.H. and Bidargaddi, S.V. and Ghose, D.},
doi = {10.1109/ROBOT.2006.1641833},
isbn = {0-7803-9505-0},
journal = {Proceedings 2006 IEEE International Conference on Robotics and Automation, 2006. ICRA 2006.},
keywords = {ceedings of the 2006,florida - may 2006,glowworm-inspired robot swarm for,ieee international conference on,orlando,robotics and automation,simultaneous,sources,taxis towards multiple radiation},
number = {May},
pages = {958--963},
publisher = {Ieee},
title = {{Glowworm-inspired robot swarm for simultaneous taxis towards multiple radiation sources}},
url = {http://ieeexplore.ieee.org/lpdocs/epic03/wrapper.htm?arnumber=1641833},
year = {2006}
}

@article{Mcgill2011,
author = {Mcgill, Kathleen and Taylor, Stephen},
doi = {10.1145/1922649.1922652},
issn = {03600300},
journal = {ACM Computing Surveys},
keywords = {attention when compared to,dartmouth college,it involves distinct challenges,kathleen mcgill and stephen,little,multisource localization using robotic,of multiple emission sources,ot algorithms for localization,regarding how to par-,single-source localization,swarms has received relatively,taylor,the problem of time-varying},
month = apr,
number = {3},
pages = {1--25},
title = {{Robot algorithms for localization of multiple emission sources}},
url = {http://portal.acm.org/citation.cfm?doid=1922649.1922652},
volume = {43},
year = {2011}
}

@article{Burkle2010,
author = {B\"{u}rkle, Axel and Segor, Florian and Kollmann, Matthias},
doi = {10.1007/s10846-010-9492-x},
issn = {0921-0296},
journal = {Journal of Intelligent \& Robotic Systems},
keywords = {1007,2011,339,353,61,axel b\"{u}rkle,doi 10,florian segor,matthias kollmann,ntell robot syst,s10846-010-9492-x,swarms,towards autonomous micro uav},
month = oct,
number = {1-4},
pages = {339--353},
title = {{Towards Autonomous Micro UAV Swarms}},
url = {http://link.springer.com/10.1007/s10846-010-9492-x},
volume = {61},
year = {2010}
}

@article{Brambilla2013,
author = {Brambilla, Manuele and Ferrante, Eliseo and Birattari, Mauro and Dorigo, Marco},
doi = {10.1007/s11721-012-0075-2},
issn = {1935-3812},
journal = {Swarm Intelligence},
keywords = {1,1007,2013,41,7,a review from the,doi 10,rm intell,s11721-012-0075-2,swarm engineering,swarm robotics},
month = jan,
number = {1},
pages = {1--41},
title = {{Swarm robotics: a review from the swarm engineering perspective}},
url = {http://link.springer.com/10.1007/s11721-012-0075-2},
volume = {7},
year = {2013}
}

@article{Wagner2008,
author = {Wagner, I. a. and Altshuler, Y. and Yanovski, V. and Bruckstein, a. M.},
doi = {10.1177/0278364907085789},
issn = {0278-3649},
journal = {The International Journal of Robotics Research},
keywords = {international journal of},
month = jan,
number = {1},
pages = {127--151},
title = {{Cooperative Cleaners: A Study in Ant Robotics}},
url = {http://ijr.sagepub.com/cgi/doi/10.1177/0278364907085789},
volume = {27},
year = {2008}
}

@article{Krishnanand2009,
author = {Krishnanand, K N and Ghose, D},
keywords = {a glowworm swarm optimization,based multi-robot,ghose 2,k,krishnanand 1 and d,localization,n,system for signal source},
title = {{A Glowworm Swarm Optimization Based Multi-robot System for Signal Source Localization}},
year = {2009}
}

@article{Rubenstein,
author = {Rubenstein, Michael and Cabrera, Adrian and Werfel, Justin and Mclurkin, James},
keywords = {lective transport of complex,objects by simple,robots,theory and experiments},
pages = {47--54},
title = {{Collective Transport of Complex Objects by Simple Robots : Theory and Experiments}}
}
